<record><leader>00000cas a22000007a 4500</leader><controlfield tag="001">13842940</controlfield><controlfield tag="008">860709d18751878pauwr ne      0    0eng d</controlfield><datafield ind1=" " ind2=" " tag="010"><subfield code="a">sn 86053568 </subfield></datafield><datafield ind1=" " ind2=" " tag="040"><subfield code="a">NPX</subfield><subfield code="b">eng</subfield><subfield code="c">NPX</subfield><subfield code="d">NPH</subfield><subfield code="d">NVF</subfield><subfield code="d">OCLCQ</subfield><subfield code="d">OCLCO</subfield><subfield code="d">OCLCF</subfield></datafield><datafield ind1="1" ind2=" " tag="029"><subfield code="a">AU@</subfield><subfield code="b">000025791963</subfield></datafield><datafield ind1=" " ind2=" " tag="042"><subfield code="a">msc</subfield></datafield><datafield ind1=" " ind2=" " tag="043"><subfield code="a">n-us-pa</subfield></datafield><datafield ind1="0" ind2="0" tag="245"><subfield code="a">Voice and echo.</subfield></datafield><datafield ind1="3" ind2="0" tag="246"><subfield code="a">Johnstown voice and echo</subfield></datafield><datafield ind1="3" ind2="0" tag="246"><subfield code="a">Voice echo</subfield></datafield><datafield ind1="3" ind2="0" tag="246"><subfield code="a">Johnstown voice echo</subfield></datafield><datafield ind1=" " ind2=" " tag="260"><subfield code="a">Johnstown, Pa. :</subfield><subfield code="b">James F. Campbell</subfield></datafield><datafield ind1=" " ind2=" " tag="300"><subfield code="a">v. ;</subfield><subfield code="c">67 cm.</subfield></datafield><datafield ind1=" " ind2=" " tag="310"><subfield code="a">Weekly</subfield></datafield><datafield ind1="1" ind2=" " tag="362"><subfield code="a">Began in 1875? Ceased in 1878?</subfield><subfield code="z">Cf. Gregory, W. Amer. newspapers.</subfield></datafield><datafield ind1=" " ind2=" " tag="500"><subfield code="a">"Johnstown" appears above title ornament, &lt;1875-1876&gt;; "and" appears within title ornament, &lt;1875-1876&gt;.</subfield></datafield><datafield ind1=" " ind2=" " tag="500"><subfield code="a">"Democratic," &lt;1876&gt;.</subfield></datafield><datafield ind1=" " ind2=" " tag="500"><subfield code="a">Editor: James F. Campbell, Sr., &lt;1875-1876&gt;.</subfield></datafield><datafield ind1=" " ind2=" " tag="588"><subfield code="a">Description based on: Vol. 6, no. 23 (Apr. 1, 1875).</subfield></datafield><datafield ind1=" " ind2="0" tag="651"><subfield code="a">Johnstown (Cambria County, Pa.)</subfield><subfield code="v">Newspapers.</subfield></datafield><datafield ind1=" " ind2="7" tag="655"><subfield code="a">Newspapers.</subfield><subfield code="2">fast</subfield><subfield code="0">(OCoLC)fst01423814</subfield></datafield><datafield ind1=" " ind2="7" tag="651"><subfield code="a">Pennsylvania</subfield><subfield code="z">Johnstown (Cambria County)</subfield><subfield code="2">fast</subfield><subfield code="0">(OCoLC)fst01719818</subfield></datafield><datafield ind1=" " ind2=" " tag="752"><subfield code="a">United States</subfield><subfield code="b">Pennsylvania</subfield><subfield code="c">Cambria</subfield><subfield code="d">Johnstown.</subfield></datafield><datafield ind1="0" ind2="0" tag="780"><subfield code="t">Echo and voice</subfield></datafield></record>